@InBook{bredon93,
  author =       "Glen E. Bredon",
  title =        "Topology and Geometry",
  year =         "1993",
  publisher =    "Springer",
  pages =        "1--25",
  ISBN =         "0-387-97926-3",
  ISBN =         "3-540-97926-3",
}

@Book{armstrong83,
  author =       "M. A. Armstrong",
  title =        "Basic Topology",
  year =         "1983",
  publisher =    "Springer",
  ISBN =         "0-387-90839-0",
}

@InBook{viro03,
  author =       "O. Ya. Viro",
  title =        "Elementary topology, textbook in problems",
  year =         "2003",
  URL =          "http://www.math.uu.se/\textasciitilde
                 oleg/educ-texts.html",
  note =         "http://www.math.uu.se/\textasciitilde
                 oleg/educ-texts.html",
  chapter =      "1-15",
}

@InBook{janich84,
  author =       "Klaus Jänich",
  title =        "Topology",
  year =         "1984",
  chapter =      "10",
  publisher =    "Springer",
  ISBN =         "0-387-90892-7",
  ISBN =         "3-540-90892-7",
}

@Book{dugundji66,
  author =       "James Dugundji",
  title =        "Topology",
  year =         "1966",
  publisher =    "Allyn and Bacon",
}

@Misc{mathfaq,
  title =        "{F}requently {A}sked {Q}uestions in {M}athematics",
  editor =       "Alex López-Ortis",
  URL =          "\texttt{http://db.uwaterloo.ca/\textasciitilde
                 alopez-o/math-faq/}",
  note =         "http://db.uwaterloo.ca/\textasciitilde
                 alopez-o/math-faq/",
  year =         "1997",
  key =          "{F}requently {A}sked {Q}uestions in {M}athematics",
}

@Misc{mactutor,
  title =        "The {M}ac{T}utor {H}istory of {M}athematics archive",
  author =       "Edmund F. Robertson and John J. O'Connor",
  URL =          "http://www-history.mcs.st-andrews.ac.uk/history/index.html",
  note =         "http://www-history.mcs.st-andrews.ac.uk/history/index.html",
  year =         "2003",
}

@Article{tychonoff30,
  title =        "Über die topologische {E}rweiterung von {R}äumen",
  author =       "Andrey Nikolayevich Tychonoff",
  year =         "1930",
  journal =      "Math. Annalen",
  pages =        "544--561",
}

@book{Geddesetal92,
        author =        {K.O.\ Geddes and S.R.\ Czapor and G.\ Labahn},
        title =         {Algorithms for Computer Algebra},
        publisher =     {Kluwer Academic Publishers},
        year =          1992
}


@InBook{katz98,
  title =        "A history of {M}athematics - An Introduction",
  author =       "Victor J. Katz",
  year =         "1998",
  edition =      "Second",
  chapter =      "18.2",
  ISBN =         "0-321-01618-1",
  publisher =    "Addison--Wesley",
}

@Book{kreyszig78,
  author =       "Erwin Kreyszig",
  title =        "Introductory functional analysis with applications",
  year =         "1978",
  ISBN =         "0-471-50731-8",
  ISBN =         "0-471-50459-9",
  publisher =    "John Wiley \& Sons",
}

@Misc{worldofmath,
  title =        "Eric Weisstein's world of {M}athematics",
  author =       "Eric W. Weisstein",
  URL =          "http://mathworld.wolfram.com/",
  note =         "http://mathworld.wolfram.com/",
  year =         "2003",
}

@InBook{baker84,
  author =       "Alan Baker",
  title =        "A concise introduction to the theory of numbers",
  year =         "1984",
  publisher =    "Cambridge University Press",
  chapter =      "6",
  chapter =      "8",
  ISBN =         "0-521-28654-9",
}

@InBook{hardy79,
  author =       "G. H. Hardy and E. M. Wright",
  title =        "An introduction to the theory of numbers",
  publisher =    "Oxford University Press",
  year =         "1979",
  edition =      "Fifth",
  chapter =      "10-11",
  ISBN =         "0-19-853171-0",
}

@InBook{davenport99,
  author =       "H. Davenport",
  title =        "The higher arithmetic",
  year =         "1999",
  edition =      "Seventh",
  publisher =    "Cambridge University Press",
  chapter =      "4",
  ISBN =         "0-521-63446-6",
  ISBN =         "0-521-63269-2",
}

@InBook{stark78,
  author =       "Harold M. Stark",
  title =        "An introduction to number theory",
  year =         "1978",
  publisher =    "MIT Press",
  chapter =      "7",
  ISBN =         "0-262-69060-8",
}

@InBook{riesel94,
  author =       "Hans Riesel",
  title =        "Prime Numbers and Computer Methods for Factorization",
  year =         "1994",
  publisher =    "Birkhäuser Boston",
  chapter =      "A8",
  ISBN =         "0-8176-3743-5",
  isnb =         "3--7643--3743--5",
}

@Book{wall73,
  author =       "H. S. Wall",
  title =        "Analytic theory of continued fractions",
  year =         "1973",
  publisher =    "Chelsea publishing company",
  ISBN =         "0-8248-0207-8",
}

@Article{wiener89,
  author =       "Michael J. Wiener",
  title =        "Cryptanalysis of Short {RSA} Secret Exponents",
  year =         "1990",
  journal =      "IEEE Transactions on Information Theory",
  pages =        "553--558",
  volume =       "36",
  number =       "3",
}

@Article{rsa78,
  author =       "Ronald Rivest and Adi Shamir and Leonard Adleman",
  title =        "A Method for Obtaining Digital Signatures and
                 Public-Key Cryptosystems",
  journal =      "Communications of the ACM",
  volume =       "21",
  year =         "1978",
  month =        feb,
  number =       "2",
  pages =        "158--164",
}

@Book{papadimitriou94,
  author =       "Christos H. Papadimitriou",
  title =        "Computational Complexity",
  publisher =    "Addison-Wesley",
  year =         "1994",
  ISBN =         "0-201-53082-1",
  month =        jan,
  edition =      "1",
}

@Book{ biggs89,
  author = 	 {Norman L. Biggs},
  title = 	 {Discrete Mathematics},
  publisher = 	 {Oxford University Press},
  year = 	 {1989},
  ISBN =         "0-19-853427-2",
}

@InBook{ bridson99,
  author = 	 {Martin R. Bridson and André Haefliger},
  title = 	 {Metric spaces of non-positive curvature},
  chapter = 	 {1},
  publisher = 	 {Springer},
  year = 	 {1999},
  pages = 	 {6--8},
  ISBN =         "3-540-64324-9",
}

@Book{ butler91,
  author = 	 {Gregory Butler},
  title = 	 {Fundamental algorithms for permutation groups},
  publisher = 	 {Springer},
  year = 	 {1991},
  series = {Lecture Notes in Computer Science},
  volume = {559},
}

@book {seress03,
    AUTHOR = {Seress, {\'A}kos},
     TITLE = {Permutation group algorithms},
    SERIES = {Cambridge Tracts in Mathematics},
    VOLUME = {152},
 PUBLISHER = {Cambridge University Press},
   ADDRESS = {Cambridge},
      YEAR = {2003},
     PAGES = {x+264},
      ISBN = {0-521-66103-X},
   MRCLASS = {20B40 (20-04)},
  MRNUMBER = {MR1970241 (2004c:20008)},
MRREVIEWER = {D. F. Holt},
}


@Book{ bb96,
  author = 	 {John A. Beachy and William D. Blair},
  title = 	 {Abstract Algebra},
  publisher = 	 {Waveland Press},
  year = 	 {1996},
  edition = 	 {2nd},
  address = {Illinois},
ISBN = "0-88133-866-4",
}

@book {rose78,
    AUTHOR = {Rose, John S.},
     TITLE = {A course on group theory},
      NOTE = {Reprint of the 1978 original [Dover, New York;  MR0498810 (58
              \#16847)]},
 PUBLISHER = {Dover Publications Inc.},
   ADDRESS = {New York},
      YEAR = {1994},
     PAGES = {x+310},
      ISBN = {0-486-68194-7},
   MRCLASS = {20-01},
  MRNUMBER = {MR1298629},
}


@InCollection{ sims98,
  author = 	 {Charles C. Sims},
  title = 	 {Computational Group Theory},
  booktitle = 	 {Computer Algebra Handbook},
  OPTcrossref =  {},
  OPTkey = 	 {},
  OPTpages = 	 {},
  publisher = {Springer},
  year = 	 {2003},
  editor = 	 {Johannes Grabmeier and Erich Kaltofen and Volker Weispfenning},
  OPTvolume = 	 {},
  OPTnumber = 	 {},
  OPTseries = 	 {},
  OPTtype = 	 {},
  chapter = 	 {2.7},
  address = 	 "http://www.math.rutgers.edu/\textasciitilde sims/publications/",
  OPTedition = 	 {},
  OPTmonth = 	 {},
  OPTnote = 	 {},
  OPTannote = 	 {}
}

@Article{ seress97,
  author = 	 {\'Akos Seress},
  title = 	 {An introduction to Computational Group Theory},
  journal = 	 {Notices of the American Mathematical Society},
  year = 	 {1997},
  volume = 	 {44},
  pages = 	 {671-679},
  note = 	 "http://www.math.ohio-state.edu/\textasciitilde akos/",
}

@InProceedings{ neubuser95,
  author = 	 {Joachim Neub\"user},
  title = 	 {An invitation to computational group theory},
  booktitle = {Groups '93},
  pages = 	 {457-475},
  year = 	 {1995},
  volume = 	 {212},
  series = 	 {London Mathematical Society Lecture Note Series},
  address = 	 {Galway/St, Andrews},
  publisher = {Cambridge University Press},
}

@Article{ cannon92,
  author = 	 {John Cannon and George Havas},
  title = 	 {Algorithms for Groups},
  journal = 	 {Australian Computer Journal},
  year = 	 {1992},
  OPTkey = 	 {},
  volume = 	 {24},
  OPTnumber = 	 {},
  pages = 	 {59-68},
  OPTmonth = 	 {},
  OPTnote = 	 {},
  OPTannote = 	 {}
}

@MastersThesis{ murray93,
  author = 	 {Scott H. Murray},
  title = 	 {The {S}chreier-{S}ims algorithm},
  school = 	 {Australian National University},
  year = 	 {1993},
  OPTkey = 	 {},
  OPTtype = 	 {},
  OPTaddress = 	 {},
  OPTmonth = 	 {},
  note = 	 "http://www.win.tue.nl/\textasciitilde smurray/research/",
  OPTannote = 	 {}
}

@Misc{ GAPOLD,
  key = 	 {GAP},
  OPTauthor = 	 {},
  title = 	 {{G}roups, {A}lgorithms and {P}rogramming},
  OPThowpublished = {},
  OPTmonth = 	 {},
  OPTyear = 	 {},
  note = 	 "http://www.gap-system.org/",
  OPTannote = 	 {}
}

@InCollection{ niemeyer01,
  author = 	 {Alice C. Niemeyer and Cheryl E. Praeger},
  title = 	 {Complexity and computation in matrix groups},
  booktitle = 	 {Aspects of complexity},
  OPTcrossref =  {},
  OPTkey = 	 {},
  pages = 	 {87-113},
  publisher = {de Gruyter},
  year = 	 {2001},
  editor = 	 {Rod Downey and Denis Hirschfeldt},
  volume = 	 {4},
  OPTnumber = 	 {},
  series = 	 {de Gruyter Series in Logic and its Applications},
  OPTtype = 	 {},
  OPTchapter = 	 {},
  address = 	 {Berlin},
  OPTedition = 	 {},
  OPTmonth = 	 {},
  OPTnote = 	 "http://www.maths.uwa.edu.au/research/reports/report-lister.php?year=2000",
  OPTannote = 	 {}
}

@Book{ clr90,
  author = 	 {Thomas H. Cormen and Charles E. Leiserson and Ronald L. Rivest},
  title = 	 {Introduction to Algorithms},
  publisher = 	 {The MIT Press},
  year = 	 {1990},
  series = 	 {The MIT Electrical Engineering and Computer Science Series},
}

@Article{ jenkins97,
  author = 	 {Robert J. Jenkins},
  title = 	 {Hash Functions for Hash Table Lookup},
  journal = 	 {Dr. Dobb's Journal},
  year = 	 {1997},
  OPTkey = 	 {},
  OPTvolume = 	 {},
  OPTnumber = 	 {},
  OPTpages = 	 {},
  OPTmonth = 	 {},
  note = 	 "http://burtleburtle.net/bob/hash/evahash.html",
  OPTannote = 	 {}
}


@InCollection{ soicher98,
  author = 	 {Hans Cuypers and Leonard H. Soicher and Hans Sterk},
  title = 	 {Working with Finite Groups},
  booktitle = 	 {Some Tapas of Computer Algebra},
  OPTcrossref =  {},
  OPTkey = 	 {},
  pages = 	 {184-207},
  publisher = {Springer},
  year = 	 {1999},
  editor = 	 {Arjeh M. Cohen and Hans Cuypers and Hans Sterk},
  volume = 	 {4},
  OPTnumber = 	 {},
  series = 	 {Algorithms and Computation in Mathematics},
  OPTtype = 	 {},
  chapter = 	 {8},
  OPTaddress = 	 {},
  OPTedition = 	 {},
  OPTmonth = 	 {},
  OPTnote = 	 {},
  OPTannote = 	 {}
}

@InCollection{ sims70,
  author = 	 {Charles C. Sims},
  title = 	 {Computational methods in the study of permutation groups},
  booktitle = 	 {Computatioanl problems in Abstract Algebra},
  OPTcrossref =  {},
  OPTkey = 	 {},
  pages = 	 {169-183},
  publisher = {Pergamon Press},
  year = 	 {170},
  OPTeditor = 	 {},
  OPTvolume = 	 {},
  OPTnumber = 	 {},
  OPTseries = 	 {},
  OPTtype = 	 {},
  OPTchapter = 	 {},
  address = 	 {Oxford},
  OPTedition = 	 {},
  OPTmonth = 	 {},
  OPTnote = 	 {},
  OPTannote = 	 {}
}

@Article{ leon80,
  author = 	 {Jeffrey S. Leon},
  title = 	 {On an Algorithm for Finding a Base and Strong Generating Set for a Group Given by Generating Permutations},
  journal = 	 {Mathematics of Computation},
  year = 	 {1980},
  OPTkey = 	 {},
  volume = 	 {35},
  number = 	 {151},
  pages = 	 {941-974},
  month = 	 {July},
  OPTnote = 	 {},
  OPTannote = 	 {}
}

@Article{ schreier27,
  author = 	 {Otto Schreier},
  title = 	 {Die {U}ntergruppen der freien {G}ruppen},
  journal = 	 {Abh. Math. Sem. Univ. Hamburg},
  year = 	 {1927},
  OPTkey = 	 {},
  volume = 	 {5},
  OPTnumber = 	 {},
  pages = 	 {161-183},
  OPTmonth = 	 {},
  OPTnote = 	 {},
  OPTannote = 	 {}
}

@Book{ hall59,
  author = 	 {Marshall Hall},
  title = 	 {The Theory of Groups},
  publisher = 	 {Macmillan},
  year = 	 {1959},
  OPTkey = 	 {},
  OPTvolume = 	 {},
  OPTnumber = 	 {},
  OPTseries = 	 {},
  address = 	 {New York},
  OPTedition = 	 {},
  OPTmonth = 	 {},
  OPTnote = 	 {},
  OPTannote = 	 {}
}

@MastersThesis{ baarnhielm04,
  author = 	 {Henrik B{\"a}{\"a}rnhielm},
  title = 	 {The {S}chreier-{S}ims algorithm for matrix groups},
  school = 	 {Imperial College of Science, Technology and Medicine},
  year = 	 {2004},
  OPTkey = 	 {},
  OPTtype = 	 {},
  OPTaddress = 	 {},
  OPTmonth = 	 {},
  OPTnote = 	 {},
  OPTannote = 	 {}
}

@article {lg95,
    AUTHOR = {Celler, Frank and Leedham-Green, Charles R. and Murray, Scott
              H. and Niemeyer, Alice C. and O'Brien, E. A.},
     TITLE = {Generating random elements of a finite group},
   JOURNAL = {Comm. Algebra},
  FJOURNAL = {Communications in Algebra},
    VOLUME = {23},
      YEAR = {1995},
    NUMBER = {13},
     PAGES = {4931--4948},
      ISSN = {0092-7872},
     CODEN = {COALDM},
   MRCLASS = {20P05 (20D99 68Q20)},
  MRNUMBER = {MR1356111 (96h:20115)},
MRREVIEWER = {P. P. P{\'a}lfy},
}


@InCollection{ babai96,
  author = 	 {László Babai},
  title = 	 {Randomization in Group Algorithms: Conceptual Questions},
  booktitle = 	 {Groups and Computation II},
  OPTcrossref =  {},
  OPTkey = 	 {},
  pages = 	 {1-17},
  OPTpublisher = {},
  year = 	 {1997},
  OPTeditor = 	 {},
  volume = 	 {28},
  OPTnumber = 	 {},
  series = 	 {American Mathematical Society DIMACS Series},
  OPTtype = 	 {},
  OPTchapter = 	 {},
  OPTaddress = 	 {},
  OPTedition = 	 {},
  OPTmonth = 	 {},
  OPTnote = 	 {},
  OPTannote = 	 {}
}


@inproceedings{babai91,
 author = {L{\'a}szl{\'o} Babai},
 title = {Local expansion of vertex-transitive graphs and random generation in finite groups},
 booktitle = {STOC '91: Proceedings of the twenty-third annual ACM symposium on Theory of computing},
 year = {1991},
 isbn = {0-89791-397-3},
 pages = {164--174},
 location = {New Orleans, Louisiana, United States},
 doi = {http://doi.acm.org/10.1145/103418.103440},
 publisher = {ACM Press},
 address = {New York, NY, USA},
 }

@InProceedings{ tc36,
  author = 	 {J.A. Todd and H. S. M. Coxeter},
  title = 	 {A practical method for enumerating cosets of a finite abstract group},
  OPTcrossref =  {},
  OPTkey = 	 {},
  booktitle = {Proceedings of the Edinburgh Mathematical Society},
  pages = 	 {26-34},
  year = 	 {1936},
  OPTeditor = 	 {},
  volume = 	 {5},
  OPTnumber = 	 {},
  OPTseries = 	 {},
  OPTaddress = 	 {},
  OPTmonth = 	 {},
  OPTorganization = {},
  OPTpublisher = {},
  OPTnote = 	 {},
  OPTannote = 	 {}
}

@InBook{ knuth97,
  author = 	 {Donald E. Knuth},
  ALTeditor = 	 {},
  title = 	 {The {A}rt of {C}omputer {P}rogramming : Seminumerical Algorithms},
  chapter = 	 {3},
  publisher = 	 {Addison-Wesley},
  year = 	 {1997},
  OPTkey = 	 {},
  volume = 	 {2},
  OPTnumber = 	 {},
  OPTseries = 	 {},
  OPTtype = 	 {},
  address = 	 {Reading, Massachusetts},
  edition = 	 {3rd},
  OPTmonth = 	 {},
  OPTpages = 	 {},
  OPTnote = 	 {},
  OPTannote = 	 {}
}

@InBook{ kann99,
  author = 	 {Giorgio Ausiello and Pierluigi Crescenzi and Giorgio Gambosi and Alberto Marchetti-Spaccamela and Marco Protasi and Viggo Kann},
  ALTeditor = 	 {},
  title = 	 {{C}omplexity and {A}pproximation : {C}ombinatorial {O}ptimization {P}roblems and {T}heir {A}pproximability {P}roperties},
  chapter = 	 {10},
  publisher = 	 {Springer},
  year = 	 {1999},
  OPTkey = 	 {},
  OPTvolume = 	 {},
  OPTnumber = 	 {},
  OPTseries = 	 {},
  OPTtype = 	 {},
  address = 	 {Berlin Heidelberg},
  OPTedition = 	 {},
  OPTmonth = 	 {},
  pages = 	 {321-351},
  OPTnote = 	 {},
  OPTannote = 	 {}
}


@InProceedings{ seress91,
  author = 	 {László Babai and Gene Cooperman and Larry Finkelstein and Ákos Seress},
  title = 	 {Nearly Linear Time Algorithm for Permutation Groups with a Small Base},
  OPTcrossref =  {},
  OPTkey = 	 {},
  booktitle = {Proc. of International Symposium on Symbolic and Algebraic Computation},
  pages = 	 {200-209},
  year = 	 {1991},
  OPTeditor = 	 {},
  OPTvolume = 	 {},
  OPTnumber = 	 {},
  OPTseries = 	 {},
  OPTaddress = 	 {},
  OPTmonth = 	 {},
  organization = {ISSAC '91},
  publisher = {ACM Press, New York},
  OPTnote = 	 {},
  OPTannote = 	 {}
}

@InProceedings{ butler76,
  author = 	 {Gregory Butler},
  title = 	 {The {S}chreier Algorithm for Matrix groups},
  OPTcrossref =  {},
  OPTkey = 	 {},
  booktitle = {Proc. of ACM Symposium on symbolic and algebraic computation},
  pages = 	 {167-170},
  year = 	 {1976},
  OPTeditor = 	 {},
  OPTvolume = 	 {},
  OPTnumber = 	 {},
  OPTseries = 	 {},
  OPTaddress = 	 {},
  OPTmonth = 	 {},
  organization = {SYMSAC '76},
  publisher = {Association for Computing Machinery, New York},
  OPTnote = 	 {},
  OPTannote = 	 {}
}

@Article{ murray95,
  author = 	 {Scott H. Murray and Eamonn A. O'Brien},
  title = 	 {Selecting base points for the {S}chreier-{S}ims algorithm for matrix groups},
  journal = 	 {Journal of Symbolic Computation},
  year = 	 {1995},
  OPTkey = 	 {},
  volume = 	 {19},
  number = 	 {6},
  pages = 	 {577-584},
  OPTmonth = 	 {},
  OPTnote = 	 {},
  OPTannote = 	 {}
}

@book {huppertIII,
    AUTHOR = {Huppert, Bertram and Blackburn, Norman},
     TITLE = {Finite groups. {III}},
    SERIES = {Grundlehren der Mathematischen Wissenschaften [Fundamental
              Principles of Mathematical Sciences]},
    VOLUME = {243},
 PUBLISHER = {Springer-Verlag},
   ADDRESS = {Berlin},
      YEAR = {1982},
     PAGES = {ix+454},
      ISBN = {3-540-10633-2},
   MRCLASS = {20-02 (20Dxx)},
  MRNUMBER = {MR662826 (84i:20001b)},
}

@incollection {crlg01,
    AUTHOR = {Leedham-Green, Charles R.},
     TITLE = {The computational matrix group project},
 BOOKTITLE = {Groups and computation, III (Columbus, OH, 1999)},
    SERIES = {Ohio State Univ. Math. Res. Inst. Publ.},
    VOLUME = {8},
     PAGES = {229--247},
 PUBLISHER = {de Gruyter},
   ADDRESS = {Berlin},
      YEAR = {2001},
   MRCLASS = {20H30 (20-04 20C40 20P05)},
  MRNUMBER = {MR1829483 (2002d:20084)},
MRREVIEWER = {Alexander J. Hulpke},
}

@incollection {crlg95,
    AUTHOR = {Celler, Frank and Leedham-Green, C. R.},
     TITLE = {Calculating the order of an invertible matrix},
 BOOKTITLE = {Groups and computation, II (New Brunswick, NJ, 1995)},
    SERIES = {DIMACS Ser. Discrete Math. Theoret. Comput. Sci.},
    VOLUME = {28},
     PAGES = {55--60},
 PUBLISHER = {Amer. Math. Soc.},
   ADDRESS = {Providence, RI},
      YEAR = {1997},
   MRCLASS = {20-04 (15A99 20G40)},
  MRNUMBER = {MR1444130 (98g:20001)},
MRREVIEWER = {Sarah E. Rees},
}

@book {VonzurGathen03,
    AUTHOR = {von zur Gathen, Joachim and Gerhard, J{\"u}rgen},
     TITLE = {Modern computer algebra},
   EDITION = {Second},
 PUBLISHER = {Cambridge University Press},
   ADDRESS = {Cambridge},
      YEAR = {2003},
     PAGES = {xiv+785},
      ISBN = {0-521-82646-2},
   MRCLASS = {68W30 (11Y16 68-01 68-02)},
  MRNUMBER = {MR2001757 (2004g:68202)},
MRREVIEWER = {Jeffrey O. Shallit},
}

@article {aschbacher84,
    AUTHOR = {Aschbacher, M.},
     TITLE = {On the maximal subgroups of the finite classical groups},
   JOURNAL = {Invent. Math.},
  FJOURNAL = {Inventiones Mathematicae},
    VOLUME = {76},
      YEAR = {1984},
    NUMBER = {3},
     PAGES = {469--514},
      ISSN = {0020-9910},
     CODEN = {INVMBH},
   MRCLASS = {20G40 (20D05)},
  MRNUMBER = {MR746539 (86a:20054)},
MRREVIEWER = {Gary M. Seitz},
}


@article {magma,
    AUTHOR = {Bosma, Wieb and Cannon, John and Playoust, Catherine},
     TITLE = {The {M}agma algebra system. {I}. {T}he user language},
      NOTE = {Computational algebra and number theory (London, 1993)},
   JOURNAL = {J. Symbolic Comput.},
  FJOURNAL = {Journal of Symbolic Computation},
    VOLUME = {24},
      YEAR = {1997},
    NUMBER = {3-4},
     PAGES = {235--265},
      ISSN = {0747-7171},
   MRCLASS = {68Q40},
  MRNUMBER = {MR1484478},
}

@article {baarnhielm05,
    AUTHOR = {Henrik B{\"a}{\"a}rnhielm},
     TITLE = {Recognising the {S}uzuki groups in their natural
              representations},
   JOURNAL = {J. Algebra},
  FJOURNAL = {Journal of Algebra},
    VOLUME = {300},
      YEAR = {2006},
    NUMBER = {1},
     PAGES = {171--198},
      ISSN = {0021-8693},
     CODEN = {JALGA4},
   MRCLASS = {20Dxx (20-04)},
  MRNUMBER = {MR2228642},
}


@Unpublished{small_ree_recog,
  author = 	 {Henrik B{\"a}{\"a}rnhielm},
  title = 	 {Recognising the {R}ee groups in their natural
              representations},
  note = 	 {submitted},
  OPTkey = 	 {},
  OPTmonth = 	 {},
  year = 	 {2008},
  OPTannote = 	 {}
}


@Article{ sz_tensor_decompose,
  author = 	 {H. B{\accent127a}{\accent127a}rnhielm},
  title = 	 {Tensor decomposition of the {S}uzuki groups},
  journal = 	 {},
  year = 	 {2005},
  OPTkey = 	 {},
  OPTvolume = 	 {},
  OPTnumber = 	 {},
  OPTpages = 	 {},
  OPTmonth = 	 {},
  note = 	 {submitted},
  OPTannote = 	 {}
}

@article {steinberg63,
    AUTHOR = {Steinberg, Robert},
     TITLE = {Representations of algebraic groups},
   JOURNAL = {Nagoya Math. J.},
  FJOURNAL = {Nagoya Mathematical Journal},
    VOLUME = {22},
      YEAR = {1963},
     PAGES = {33--56},
      ISSN = {0027-7630},
   MRCLASS = {22.90 (14.50)},
  MRNUMBER = {MR0155937 (27 \#5870)},
MRREVIEWER = {H. K. Farahat},
}

@article {tensorprodtheory,
    AUTHOR = {Leedham-Green, C. R. and O'Brien, E. A.},
     TITLE = {Tensor products are projective geometries},
   JOURNAL = {J. Algebra},
  FJOURNAL = {Journal of Algebra},
    VOLUME = {189},
      YEAR = {1997},
    NUMBER = {2},
     PAGES = {514--528},
      ISSN = {0021-8693},
     CODEN = {JALGA4},
   MRCLASS = {20G40 (15A72 51A05)},
  MRNUMBER = {MR1438187 (98b:20073)},
MRREVIEWER = {D. F. Holt},
}

@article {tensorprodalg,
    AUTHOR = {Leedham-Green, C. R. and O'Brien, E. A.},
     TITLE = {Recognising tensor products of matrix groups},
   JOURNAL = {Internat. J. Algebra Comput.},
  FJOURNAL = {International Journal of Algebra and Computation},
    VOLUME = {7},
      YEAR = {1997},
    NUMBER = {5},
     PAGES = {541--559},
      ISSN = {0218-1967},
   MRCLASS = {20C40 (15A30 20B25 20H30)},
  MRNUMBER = {MR1470352 (98h:20018)},
MRREVIEWER = {Cheryl E. Praeger},
}

@Article{ primitivityalg,
  author = 	 {Derek F. Holt and C.R.\ Leedham-Green and E. A. O'Brien and Sarah Rees}, 
  title = 	 {Testing matrix groups for imprimitivity},
  journal = 	 {J. Algebra},
  year = 	 {1996},
  OPTkey = 	 {},
  volume = 	 {184},
  OPTnumber = 	 {},
  pages = 	 {795-817},
  OPTmonth = 	 {},
  OPTnote = 	 {},
  OPTannote = 	 {}
}

@article {general_recognition,
    AUTHOR = {Babai, L{\'a}szl{\'o} and Kantor, William M. and P{\'a}lfy,
              P{\'e}ter P. and Seress, {\'A}kos},
     TITLE = {Black-box recognition of finite simple groups of {L}ie type by
              statistics of element orders},
   JOURNAL = {J. Group Theory},
  FJOURNAL = {Journal of Group Theory},
    VOLUME = {5},
      YEAR = {2002},
    NUMBER = {4},
     PAGES = {383--401},
      ISSN = {1433-5883},
     CODEN = {JGTHFQ},
   MRCLASS = {20D06 (20P05)},
  MRNUMBER = {MR1931364 (2003i:20022)},
MRREVIEWER = {Martin W. Liebeck},
}

@Article{ gh97,
  author = 	 {S. P. Glasby and R. B. Howlett},
  title = 	 {Writing representations over minimal fields},
  journal = 	 {Commutative Algebra},
  year = 	 {1997},
  OPTkey = 	 {},
  volume = 	 {25},
  number = 	 {6},
  pages = 	 {1703-1711},
  OPTmonth = 	 {},
  OPTnote = 	 {},
  OPTannote = 	 {}
}


@article {smallerfield,
    AUTHOR = {Glasby, S. P. and Leedham-Green, C. R. and O'Brien, E. A.},
     TITLE = {Writing projective representations over subfields},
   JOURNAL = {J. Algebra},
  FJOURNAL = {Journal of Algebra},
    VOLUME = {295},
      YEAR = {2006},
    NUMBER = {1},
     PAGES = {51--61},
      ISSN = {0021-8693},
     CODEN = {JALGA4},
   MRCLASS = {20-04},
  MRNUMBER = {MR2188850 (2006h:20002)},
MRREVIEWER = {V. D. Mazurov},
}

@incollection {lgsm02,
    AUTHOR = {Leedham-Green, C. R. and Murray, Scott H.},
     TITLE = {Variants of product replacement},
 BOOKTITLE = {Computational and statistical group theory (Las Vegas,
              NV/Hoboken, NJ, 2001)},
    SERIES = {Contemp. Math.},
    VOLUME = {298},
     PAGES = {97--104},
 PUBLISHER = {Amer. Math. Soc.},
   ADDRESS = {Providence, RI},
      YEAR = {2002},
   MRCLASS = {20-04 (60J10 68W20 68W30)},
  MRNUMBER = {MR1929718 (2003h:20003)},
MRREVIEWER = {Burkhard K. H{\"o}fling},
}

@article {ch03,
    AUTHOR = {Cannon, John J. and Holt, Derek F.},
     TITLE = {Automorphism group computation and isomorphism testing in
              finite groups},
   JOURNAL = {J. Symbolic Comput.},
  FJOURNAL = {Journal of Symbolic Computation},
    VOLUME = {35},
      YEAR = {2003},
    NUMBER = {3},
     PAGES = {241--267},
      ISSN = {0747-7171},
   MRCLASS = {20D45 (20B40)},
  MRNUMBER = {MR1962794 (2004c:20035)},
MRREVIEWER = {Gernot Stroth},
}

@article {suzuki62,
    AUTHOR = {Suzuki, Michio},
     TITLE = {On a class of doubly transitive groups},
   JOURNAL = {Ann. of Math. (2)},
  FJOURNAL = {Annals of Mathematics. Second Series},
    VOLUME = {75},
      YEAR = {1962},
     PAGES = {105--145},
      ISSN = {0003-486X},
   MRCLASS = {20.29},
  MRNUMBER = {MR0136646 (25 \#112)},
MRREVIEWER = {W. Feit},
}

@article {MR0162840,
    AUTHOR = {Suzuki, Michio},
     TITLE = {On a class of doubly transitive groups. {II}},
   JOURNAL = {Ann. of Math. (2)},
  FJOURNAL = {Annals of Mathematics. Second Series},
    VOLUME = {79},
      YEAR = {1964},
     PAGES = {514--589},
      ISSN = {0003-486X},
   MRCLASS = {20.20},
  MRNUMBER = {MR0162840 (29 \#144)},
MRREVIEWER = {W. Feit},
}

@article {psl_recognition,
    AUTHOR = {Conder, M. D. E. and Leedham-Green, C. R. and O'Brien, E. A.},
     TITLE = {Constructive recognition of {${\rm PSL}(2,q)$}},
   JOURNAL = {Trans. Amer. Math. Soc.},
  FJOURNAL = {Transactions of the American Mathematical Society},
    VOLUME = {358},
      YEAR = {2006},
    NUMBER = {3},
     PAGES = {1203--1221 (electronic)},
      ISSN = {0002-9947},
     CODEN = {TAMTAM},
   MRCLASS = {20C33 (20C40 20G40)},
  MRNUMBER = {MR2187651 (2006j:20017)},
MRREVIEWER = {Simon M. Goodwin},
}

@book {totient_prop,
    AUTHOR = {Mitrinovi{\'c}, D. S. and S{\'a}ndor, J. and Crstici, B.},
     TITLE = {Handbook of number theory},
    SERIES = {Mathematics and its Applications},
    VOLUME = {351},
 PUBLISHER = {Kluwer Academic Publishers Group},
   ADDRESS = {Dordrecht},
      YEAR = {1996},
     PAGES = {xxvi+622},
      ISBN = {0-7923-3823-5},
   MRCLASS = {11-00},
  MRNUMBER = {MR1374329 (97f:11001)},
MRREVIEWER = {John B. Friedlander},
}

@article {meataxe,
    AUTHOR = {Holt, Derek F. and Rees, Sarah},
     TITLE = {Testing modules for irreducibility},
   JOURNAL = {J. Austral. Math. Soc. Ser. A},
  FJOURNAL = {Australian Mathematical Society. Journal. Series A. Pure
              Mathematics and Statistics},
    VOLUME = {57},
      YEAR = {1994},
    NUMBER = {1},
     PAGES = {1--16},
      ISSN = {0263-6115},
     CODEN = {JAMADS},
   MRCLASS = {20C40},
  MRNUMBER = {MR1279282 (95e:20023)},
MRREVIEWER = {Herbert Pahlings},
}

@article {better_meataxe,
    AUTHOR = {Ivanyos, G{\'a}bor and Lux, Klaus},
     TITLE = {Treating the exceptional cases of the {M}eat{A}xe},
   JOURNAL = {Experiment. Math.},
  FJOURNAL = {Experimental Mathematics},
    VOLUME = {9},
      YEAR = {2000},
    NUMBER = {3},
     PAGES = {373--381},
      ISSN = {1058-6458},
   MRCLASS = {16Z05 (16G99 20C40)},
  MRNUMBER = {MR1795309 (2001j:16067)},
MRREVIEWER = {D. F. Holt},
}

@article {cop84,
    AUTHOR = {Coppersmith, Don},
     TITLE = {Fast evaluation of logarithms in fields of characteristic two},
   JOURNAL = {IEEE Trans. Inform. Theory},
  FJOURNAL = {Institute of Electrical and Electronics Engineers.
              Transactions on Information Theory},
    VOLUME = {30},
      YEAR = {1984},
    NUMBER = {4},
     PAGES = {587--594},
      ISSN = {0018-9448},
     CODEN = {IETTAW},
   MRCLASS = {65D20 (11Y16 94A60)},
  MRNUMBER = {MR755785 (85h:65041)},
}


@Book{raw04,
  author = 	 {R. A. Wilson},
  ALTeditor = 	 {},
  title = 	 {The finite simple groups},
  publisher = 	 {Springer},
  year = 	 {2007},
  OPTkey = 	 {},
  OPTvolume = 	 {},
  OPTnumber = 	 {},
  OPTseries = 	 {},
  OPTaddress = 	 {},
  OPTedition = 	 {},
  month = 	 {July},
  note = 	 {preprint},
  OPTannote = 	 {}
}

@incollection {steinberg_lang,
    AUTHOR = {Steinberg, Robert},
     TITLE = {On theorems of {L}ie-{K}olchin, {B}orel, and {L}ang},
 BOOKTITLE = {Contributions to algebra (collection of papers dedicated to
              Ellis Kolchin)},
     PAGES = {349--354},
 PUBLISHER = {Academic Press},
   ADDRESS = {New York},
      YEAR = {1977},
   MRCLASS = {20G15},
  MRNUMBER = {MR0466336 (57 \#6216)},
MRREVIEWER = {Ju. I. Merzljakov},
}

@book {curtis_reiner,
    AUTHOR = {Curtis, Charles W. and Reiner, Irving},
     TITLE = {Representation theory of finite groups and associative
              algebras},
      NOTE = {Reprint of the 1962 original},
 PUBLISHER = {AMS Chelsea Publishing, Providence, RI},
      YEAR = {2006},
     PAGES = {xiv+689},
      ISBN = {0-8218-4066-5},
   MRCLASS = {16-02 (20-02 20Cxx)},
  MRNUMBER = {MR2215618 (2006m:16001)},
}


@article {ono62,
    AUTHOR = {Ono, Takashi},
     TITLE = {An identification of {S}uzuki groups with groups of
              generalized {L}ie type. },
   JOURNAL = {Ann. of Math. (2)},
  FJOURNAL = {Annals of Mathematics. Second Series},
    VOLUME = {75},
      YEAR = {1962},
     PAGES = {251--259},
      ISSN = {0003-486X},
   MRCLASS = {20.29},
  MRNUMBER = {MR0132780 (24 \#A2616)},
MRREVIEWER = {Rimhak Ree},
}

@article {bray00,
    AUTHOR = {Bray, John N.},
     TITLE = {An improved method for generating the centralizer of an
              involution},
   JOURNAL = {Arch. Math. (Basel)},
  FJOURNAL = {Archiv der Mathematik},
    VOLUME = {74},
      YEAR = {2000},
    NUMBER = {4},
     PAGES = {241--245},
      ISSN = {0003-889X},
     CODEN = {ACVMAL},
   MRCLASS = {20F05 (20D06)},
  MRNUMBER = {MR1742633 (2001c:20063)},
MRREVIEWER = {Marian Deaconescu},
}

@Manual{ r_man,
       title        = {R: A language and environment for statistical
                       computing},
       author       = {{R Development Core Team}},
       organization = {R Foundation for Statistical Computing},
       address      = {Vienna, Austria},
       year         = 2005,
       note         = {3-900051-07-0},
       url          = {http://www.R-project.org}
     }

@Unpublished{ invariant_forms,
  author = 	 {F. Celler and C. R. Leedham-Green and A. Niemeyer and C. Praeger},
  title = 	 {Finding invariant forms},
  note = 	 {unpublished draft},
  OPTkey = 	 {},
  month = 	 {March},
  year = 	 {2000},
  OPTannote = 	 {}
}

@book {hcgt,
    AUTHOR = {Holt, Derek F. and Eick, Bettina and O'Brien, Eamonn A.},
     TITLE = {Handbook of computational group theory},
    SERIES = {Discrete Mathematics and its Applications (Boca Raton)},
 PUBLISHER = {Chapman \& Hall/CRC, Boca Raton, FL},
      YEAR = {2005},
     PAGES = {xvi+514},
      ISBN = {1-58488-372-3},
   MRCLASS = {20-01 (20-04 68Q42 68Q70 68W30)},
  MRNUMBER = {MR2129747 (2006f:20001)},
MRREVIEWER = {Wolfgang Lempken},
}


@Article{ ryba_trick,
  author = 	 {P. E. Holmes and S.A. Linton and E. A. O'Brien and A. J. E. Ryba and R. A. Wilson},
  title = 	 {Constructive membership in black-box groups},
  journal = 	 {J. Group Theory},
  year = 	 {2008},
  OPTkey = 	 {},
  volume = 	 {11},
  number = 	 {6},
  pages = 	 {747--763},
  OPTmonth = 	 {},
  OPTnote = 	 {},
  OPTannote = 	 {}
}

@article {small_ree,
    AUTHOR = {Ree, Rimhak},
     TITLE = {A family of simple groups associated with the simple {L}ie
              algebra of type {$(G\sb{2})$}},
   JOURNAL = {Amer. J. Math.},
  FJOURNAL = {American Journal of Mathematics},
    VOLUME = {83},
      YEAR = {1961},
     PAGES = {432--462},
      ISSN = {0002-9327},
   MRCLASS = {20.29},
  MRNUMBER = {MR0138680 (25 \#2123)},
MRREVIEWER = {R. Steinberg},
}

@article {large_ree,
    AUTHOR = {Ree, Rimhak},
     TITLE = {A family of simple groups associated with the simple {L}ie
              algebra of type {$(F\sb{4})$}},
   JOURNAL = {Amer. J. Math.},
  FJOURNAL = {American Journal of Mathematics},
    VOLUME = {83},
      YEAR = {1961},
     PAGES = {401--420},
      ISSN = {0002-9327},
   MRCLASS = {20.29},
  MRNUMBER = {MR0132781 (24 \#A2617)},
MRREVIEWER = {P. M. Cohn},
}

@article {ward66,
    AUTHOR = {Ward, Harold N.},
     TITLE = {On {R}ee's series of simple groups},
   JOURNAL = {Trans. Amer. Math. Soc.},
  FJOURNAL = {Transactions of the American Mathematical Society},
    VOLUME = {121},
      YEAR = {1966},
     PAGES = {62--89},
      ISSN = {0002-9947},
   MRCLASS = {20.80 (20.29)},
  MRNUMBER = {MR0197587 (33 \#5752)},
MRREVIEWER = {Rimhak Ree},
}

@article {MR0141707,
    AUTHOR = {Ward, Harold N.},
     TITLE = {On {R}ee's series of simple groups},
   JOURNAL = {Bull. Amer. Math. Soc.},
    VOLUME = {69},
      YEAR = {1963},
     PAGES = {113--114},
   MRCLASS = {20.29},
  MRNUMBER = {MR0141707 (25 \#5104)},
MRREVIEWER = {W. E. Jenner},
}

@article {kleidman88,
    AUTHOR = {Kleidman, Peter B.},
     TITLE = {The maximal subgroups of the {C}hevalley groups {$G\sb 2(q)$}
              with {$q$} odd, the {R}ee groups {$\sp 2G\sb 2(q)$}, and their
              automorphism groups},
   JOURNAL = {J. Algebra},
  FJOURNAL = {Journal of Algebra},
    VOLUME = {117},
      YEAR = {1988},
    NUMBER = {1},
     PAGES = {30--71},
      ISSN = {0021-8693},
     CODEN = {JALGA4},
   MRCLASS = {20G40 (20E28)},
  MRNUMBER = {MR955589 (89j:20055)},
MRREVIEWER = {Ulrich Dempwolff},
}

@article {ree85,
    AUTHOR = {Levchuk, V. M. and Nuzhin, Ya. N.},
     TITLE = {The structure of {R}ee groups},
   JOURNAL = {Algebra i Logika},
  FJOURNAL = {Akademiya Nauk SSSR. Sibirskoe Otdelenie. Institut Matematiki.
              Algebra i Logika},
    VOLUME = {24},
      YEAR = {1985},
    NUMBER = {1},
     PAGES = {26--41, 122},
      ISSN = {0373-9252},
   MRCLASS = {20G40},
  MRNUMBER = {MR816569 (87h:20085)},
MRREVIEWER = {S. V. Nagorny{\u\i}},
}

@article {ree_gens,
    AUTHOR = {Kemper, Gregor and L{\"u}beck, Frank and Magaard, Kay},
     TITLE = {Matrix generators for the {R}ee groups {${}\sp 2G\sb 2(q)$}},
   JOURNAL = {Comm. Algebra},
  FJOURNAL = {Communications in Algebra},
    VOLUME = {29},
      YEAR = {2001},
    NUMBER = {1},
     PAGES = {407--413},
      ISSN = {0092-7872},
     CODEN = {COALDM},
   MRCLASS = {20C33 (20D06)},
  MRNUMBER = {MR1842506 (2002e:20025)},
}

@article {min_deg_1,
    AUTHOR = {Landazuri, Vicente and Seitz, Gary M.},
     TITLE = {On the minimal degrees of projective representations of the
              finite {C}hevalley groups},
   JOURNAL = {J. Algebra},
  FJOURNAL = {Journal of Algebra},
    VOLUME = {32},
      YEAR = {1974},
     PAGES = {418--443},
      ISSN = {0021-8693},
   MRCLASS = {20G05},
  MRNUMBER = {MR0360852 (50 \#13299)},
MRREVIEWER = {Larry C. Grove},
}

@article {min_deg_2,
    AUTHOR = {Seitz, Gary M. and Zalesskii, Alexander E.},
     TITLE = {On the minimal degrees of projective representations of the
              finite {C}hevalley groups. {II}},
   JOURNAL = {J. Algebra},
  FJOURNAL = {Journal of Algebra},
    VOLUME = {158},
      YEAR = {1993},
    NUMBER = {1},
     PAGES = {233--243},
      ISSN = {0021-8693},
     CODEN = {JALGA4},
   MRCLASS = {20C25},
  MRNUMBER = {MR1223676 (94h:20017)},
MRREVIEWER = {Larry C. Grove},
}

@Article{ hb_ree,
  author = 	 {H. B{\accent127a}{\accent127a}rnhielm},
  title = 	 {Recognising the {R}ee groups in their natural representations},
  OPTjournal = 	 {},
  year = 	 {2006},
  OPTkey = 	 {},
  OPTvolume = 	 {},
  OPTnumber = 	 {},
  OPTpages = 	 {},
  OPTmonth = 	 {},
  note = 	 {preprint},
  OPTannote = 	 {}
}

@Article{ hb_ree_tensor,
  author = 	 {B{\"a}{\"a}rnhielm, Henrik},
  title = 	 {Tensor decomposition of the {R}ee groups},
  OPTjournal = 	 {},
  year = 	 {2008},
  OPTkey = 	 {},
  OPTvolume = 	 {},
  OPTnumber = 	 {},
  OPTpages = 	 {},
  OPTmonth = 	 {},
  note = 	 {preprint},
  OPTannote = 	 {}
}

@inproceedings{Pak00,
 author = {Pak, Igor},
 title = {The product replacement algorithm is polynomial},
 booktitle = {FOCS '00: Proceedings of the 41st Annual Symposium on Foundations of Computer Science},
 year = {2000},
 isbn = {0-7695-0850-2},
 pages = {476-485},
 publisher = {IEEE Computer Society},
 address = {Washington, DC, USA},
 }

@article {MR0125154,
    AUTHOR = {Ree, Rimhak},
     TITLE = {A family of simple groups associated with the simple {L}ie
              algebra of type {$(G\sb{2})$}},
   JOURNAL = {Bull. Amer. Math. Soc.},
    VOLUME = {66},
      YEAR = {1960},
     PAGES = {508--510},
   MRCLASS = {20.29},
  MRNUMBER = {MR0125154 (23 \#A2460a)},
}

@article {MR0125155,
    AUTHOR = {Ree, Rimhak},
     TITLE = {A family of simple groups associated with the simple {L}ie
              algebra of type {$(F\sb{4})$}},
   JOURNAL = {Bull. Amer. Math. Soc.},
    VOLUME = {67},
      YEAR = {1961},
     PAGES = {115--116},
   MRCLASS = {20.29},
  MRNUMBER = {MR0125155 (23 \#A2460b)},
MRREVIEWER = {B. Chang},
}

@incollection {Parker84,
    AUTHOR = {Parker, R. A.},
     TITLE = {The computer calculation of modular characters (the meat-axe)},
 BOOKTITLE = {Computational group theory (Durham, 1982)},
     PAGES = {267--274},
 PUBLISHER = {Academic Press},
   ADDRESS = {London},
      YEAR = {1984},
   MRCLASS = {20C20 (20-04)},
  MRNUMBER = {MR760660 (85k:20041)},
MRREVIEWER = {Leo J. Alex},
}

@incollection {MR1829489,
    AUTHOR = {Pak, Igor},
     TITLE = {What do we know about the product replacement algorithm?},
 BOOKTITLE = {Groups and computation, III (Columbus, OH, 1999)},
    SERIES = {Ohio State Univ. Math. Res. Inst. Publ.},
    VOLUME = {8},
     PAGES = {301--347},
 PUBLISHER = {de Gruyter},
   ADDRESS = {Berlin},
      YEAR = {2001},
   MRCLASS = {20P05 (20F69 68W30)},
  MRNUMBER = {MR1829489 (2002d:20107)},
MRREVIEWER = {Tatiana Smirnova-Nagnibeda},
}

@article {MR0120283,
    AUTHOR = {Suzuki, Michio},
     TITLE = {A new type of simple groups of finite order},
   JOURNAL = {Proc. Nat. Acad. Sci. U.S.A.},
    VOLUME = {46},
      YEAR = {1960},
     PAGES = {868--870},
   MRCLASS = {20.00},
  MRNUMBER = {MR0120283 (22 \#11038)},
MRREVIEWER = {J. L. Brenner},
}

@article {MR0144967,
    AUTHOR = {Ono, Takashi},
     TITLE = {Correction to ``{A}n identification of {S}uzuki groups with
              groups of generalized {L}ie type''},
   JOURNAL = {Ann. of Math. (2)},
  FJOURNAL = {Annals of Mathematics. Second Series},
    VOLUME = {77},
      YEAR = {1963},
     PAGES = {413},
      ISSN = {0003-486X},
   MRCLASS = {20.29},
  MRNUMBER = {MR0144967 (26 \#2507)},
MRREVIEWER = {Rimhak Ree},
}

@Unpublished{elementary_ree,
  author = 	 {R. A. Wilson},
  title = 	 {An elementary construction of the {R}ee groups or type ${^2}{G}_2$},
  note = 	 {submitted},
  OPTkey = 	 {},
  month = 	 {July},
  year = 	 {2007},
  OPTannote = 	 {}
}

@incollection {babaibeals01,
    AUTHOR = {Babai, L{\'a}szl{\'o} and Beals, Robert},
     TITLE = {A polynomial-time theory of black box groups. {I}},
 BOOKTITLE = {Groups St. Andrews 1997 in Bath, I},
    SERIES = {London Math. Soc. Lecture Note Ser.},
    VOLUME = {260},
     PAGES = {30--64},
 PUBLISHER = {Cambridge Univ. Press},
   ADDRESS = {Cambridge},
      YEAR = {1999},
   MRCLASS = {20G40 (20-04 68Q25 68W20)},
  MRNUMBER = {MR1676609 (2000h:20089)},
}

@incollection {MR1106424,
    AUTHOR = {Lakshman, Y. N. and Lazard, Daniel},
     TITLE = {On the complexity of zero-dimensional algebraic systems},
 BOOKTITLE = {Effective methods in algebraic geometry (Castiglioncello,
              1990)},
    SERIES = {Progr. Math.},
    VOLUME = {94},
     PAGES = {217--225},
 PUBLISHER = {Birkh\"auser Boston},
   ADDRESS = {Boston, MA},
      YEAR = {1991},
   MRCLASS = {13P10 (03D15 68Q40)},
  MRNUMBER = {MR1106424 (92d:13017)},
MRREVIEWER = {Joachim Apel},
}

@article {MR1345299,
    AUTHOR = {Isaacs, I. M. and Kantor, W. M. and Spaltenstein, N.},
     TITLE = {On the probability that a group element is {$p$}-singular},
   JOURNAL = {J. Algebra},
  FJOURNAL = {Journal of Algebra},
    VOLUME = {176},
      YEAR = {1995},
    NUMBER = {1},
     PAGES = {139--181},
      ISSN = {0021-8693},
     CODEN = {JALGA4},
   MRCLASS = {20D60 (20B05)},
  MRNUMBER = {MR1345299 (96f:20035)},
MRREVIEWER = {P. P. P{\'a}lfy},
}

@incollection {MR1829478,
    AUTHOR = {Guralnick, Robert M. and L{\"u}beck, Frank},
     TITLE = {On {$p$}-singular elements in {C}hevalley groups in
              characteristic {$p$}},
 BOOKTITLE = {Groups and computation, III (Columbus, OH, 1999)},
    SERIES = {Ohio State Univ. Math. Res. Inst. Publ.},
    VOLUME = {8},
     PAGES = {169--182},
 PUBLISHER = {de Gruyter},
   ADDRESS = {Berlin},
      YEAR = {2001},
   MRCLASS = {20G40 (20D06)},
  MRNUMBER = {MR1829478 (2002d:20074)},
MRREVIEWER = {Jian-yi Shi},
}

@incollection {lux_condensation,
    AUTHOR = {Lux, Klaus and Wiegelmann, Markus},
     TITLE = {Condensing tensor product modules},
 BOOKTITLE = {The atlas of finite groups: ten years on (Birmingham, 1995)},
    SERIES = {London Math. Soc. Lecture Note Ser.},
    VOLUME = {249},
     PAGES = {174--190},
 PUBLISHER = {Cambridge Univ. Press},
   ADDRESS = {Cambridge},
      YEAR = {1998},
   MRCLASS = {20C40 (20C05 20C34 68Q40)},
  MRNUMBER = {MR1647421 (99i:20018)},
MRREVIEWER = {Herbert Pahlings},
}

@article {steel_canonical_forms,
    AUTHOR = {Steel, Allan},
     TITLE = {A new algorithm for the computation of canonical forms of
              matrices over fields},
      NOTE = {Computational algebra and number theory (London, 1993)},
   JOURNAL = {J. Symbolic Comput.},
  FJOURNAL = {Journal of Symbolic Computation},
    VOLUME = {24},
      YEAR = {1997},
    NUMBER = {3-4},
     PAGES = {409--432},
      ISSN = {0747-7171},
   MRCLASS = {65F30 (15A21)},
  MRNUMBER = {MR1484489 (98m:65070)},
MRREVIEWER = {Rafael Bru},
}

@preamble{
   "\def\cprime{$'$} "
}
@article {maximal_subs,
    AUTHOR = {Holt, Derek F. and Roney-Dougal, Colva M.},
     TITLE = {Constructing maximal subgroups of classical groups},
   JOURNAL = {LMS J. Comput. Math.},
  FJOURNAL = {LMS Journal of Computation and Mathematics},
    VOLUME = {8},
      YEAR = {2005},
     PAGES = {46--79 (electronic)},
      ISSN = {1461-1570},
   MRCLASS = {20D06 (20E28 20G40 68Q25)},
  MRNUMBER = {MR2123130 (2005k:20027)},
MRREVIEWER = {A. S. Kondrat{\cprime}ev},
}

@article {malle_bigree,
    AUTHOR = {Malle, Gunter},
     TITLE = {The maximal subgroups of {${}\sp 2F\sb 4(q\sp 2)$}},
   JOURNAL = {J. Algebra},
  FJOURNAL = {Journal of Algebra},
    VOLUME = {139},
      YEAR = {1991},
    NUMBER = {1},
     PAGES = {52--69},
      ISSN = {0021-8693},
     CODEN = {JALGA4},
   MRCLASS = {20G40 (20E28)},
  MRNUMBER = {MR1106340 (92d:20068)},
MRREVIEWER = {Ulrich Dempwolff},
}

@article {large_ree_conj_1,
    AUTHOR = {Shinoda, Ken-ichi},
     TITLE = {The conjugacy classes of {C}hevalley groups of type
              {$(F\sb{4})$} over finite fields of characteristic {$2$}},
   JOURNAL = {J. Fac. Sci. Univ. Tokyo Sect. I A Math.},
    VOLUME = {21},
      YEAR = {1974},
     PAGES = {133--159},
   MRCLASS = {20G40},
  MRNUMBER = {MR0349863 (50 \#2356)},
MRREVIEWER = {R. W. Carter},
}

@article {large_ree_conj_2,
    AUTHOR = {Shinoda, Ken-ichi},
     TITLE = {The conjugacy classes of the finite {R}ee groups of type
              {$(F\sb{4})$}},
   JOURNAL = {J. Fac. Sci. Univ. Tokyo Sect. I A Math.},
    VOLUME = {22},
      YEAR = {1975},
     PAGES = {1--15},
   MRCLASS = {20G40},
  MRNUMBER = {MR0372064 (51 \#8281)},
MRREVIEWER = {R. Steinberg},
}

@article {ronyai90,
    AUTHOR = {R{\'o}nyai, Lajos},
     TITLE = {Computing the structure of finite algebras},
   JOURNAL = {J. Symbolic Comput.},
  FJOURNAL = {Journal of Symbolic Computation},
    VOLUME = {9},
      YEAR = {1990},
    NUMBER = {3},
     PAGES = {355--373},
      ISSN = {0747-7171},
   MRCLASS = {68Q40 (16P10)},
  MRNUMBER = {MR1056632 (91h:68093)},
MRREVIEWER = {David Pokrass Jacobs},
}

@article {MR1901354,
    AUTHOR = {L{\"u}beck, Frank},
     TITLE = {Small degree representations of finite {C}hevalley groups in
              defining characteristic},
   JOURNAL = {LMS J. Comput. Math.},
  FJOURNAL = {LMS Journal of Computation and Mathematics},
    VOLUME = {4},
      YEAR = {2001},
     PAGES = {135--169 (electronic)},
      ISSN = {1461-1570},
   MRCLASS = {20C33 (20G05)},
  MRNUMBER = {MR1901354 (2003e:20013)},
MRREVIEWER = {Meinolf Geck},
}

@article {MR1350753,
    AUTHOR = {Giesbrecht, Mark},
     TITLE = {Nearly optimal algorithms for canonical matrix forms},
   JOURNAL = {SIAM J. Comput.},
  FJOURNAL = {SIAM Journal on Computing},
    VOLUME = {24},
      YEAR = {1995},
    NUMBER = {5},
     PAGES = {948--969},
      ISSN = {0097-5397},
     CODEN = {SMJCAT},
   MRCLASS = {65Y20 (15A21 65F30 65Y05)},
  MRNUMBER = {MR1350753 (96f:65180)},
MRREVIEWER = {Zeng Rong Chen},
}

@PhdThesis{ statherthesis,
  author = 	 {Mark James Stather},
  title = 	 {Algorithms for Computing with Finite Matrix Groups},
  school = 	 {University of Warwick},
  year = 	 {2006},
  OPTkey = 	 {},
  OPTtype = 	 {},
  OPTaddress = 	 {},
  month = 	 {August},
  OPTnote = 	 {},
  OPTannote = 	 {}
}

@inproceedings{ luks92computing,
    author = "Eugene M. Luks",
    title = "Computing in Solvable Matrix Groups",
    booktitle = "{IEEE} Symposium on Foundations of Computer Science",
    pages = "111-120",
    year = "1992",
    url = "citeseer.ist.psu.edu/luks92computing.html" 
}

@inproceedings{BabaiSzemeredi84,
	author = 	{L\'aszl\'o Babai and Endre Szemer\'edi},
	title = 	{On the complexity of matrix group problems, {I}},
	booktitle = 	{Proc.\ $25$th IEEE Sympos.\ Foundations Comp.\ Sci.},
	pages = 	{229--240},
	year = 		1984,
}

@article {blackbox_char,
    AUTHOR = {Liebeck, Martin W. and O'Brien, E. A.},
     TITLE = {Finding the characteristic of a group of {L}ie type},
   JOURNAL = {J. Lond. Math. Soc. (2)},
  FJOURNAL = {Journal of the London Mathematical Society. Second Series},
    VOLUME = {75},
      YEAR = {2007},
    NUMBER = {3},
     PAGES = {741--754},
      ISSN = {0024-6107},
   MRCLASS = {20G40 (20-04 20F10 68W99)},
  MRNUMBER = {MR2352733 (2008i:20058)},
MRREVIEWER = {Ulrich Dempwolff},
}

@incollection {MR1829473,
    AUTHOR = {Brooksbank, Peter A. and Kantor, William M.},
     TITLE = {On constructive recognition of a black box {${\rm PSL}(d,q)$}},
 BOOKTITLE = {Groups and computation, III (Columbus, OH, 1999)},
    SERIES = {Ohio State Univ. Math. Res. Inst. Publ.},
    VOLUME = {8},
     PAGES = {95--111},
 PUBLISHER = {de Gruyter},
   ADDRESS = {Berlin},
      YEAR = {2001},
   MRCLASS = {20G40 (20P05 51F25)},
  MRNUMBER = {MR1829473 (2002m:20078)},
}

@article {MR1958954,
    AUTHOR = {Brooksbank, Peter A.},
     TITLE = {Constructive recognition of classical groups in their natural
              representation},
   JOURNAL = {J. Symbolic Comput.},
  FJOURNAL = {Journal of Symbolic Computation},
    VOLUME = {35},
      YEAR = {2003},
    NUMBER = {2},
     PAGES = {195--239},
      ISSN = {0747-7171},
   MRCLASS = {20G40 (20-04 68W30)},
  MRNUMBER = {MR1958954 (2004c:20082)},
MRREVIEWER = {Gerhard Hiss},
}

@article {MR2051584,
    AUTHOR = {Brooksbank, Peter A.},
     TITLE = {Fast constructive recognition of black-box unitary groups},
   JOURNAL = {LMS J. Comput. Math.},
  FJOURNAL = {LMS Journal of Computation and Mathematics},
    VOLUME = {6},
      YEAR = {2003},
     PAGES = {162--197 (electronic)},
      ISSN = {1461-1570},
   MRCLASS = {20G40 (20C40 68Q25)},
  MRNUMBER = {MR2051584 (2005e:20075)},
MRREVIEWER = {Ali Iranmanesh},
}

@article {MR2228648,
    AUTHOR = {Brooksbank, Peter A. and Kantor, William M.},
     TITLE = {Fast constructive recognition of black box orthogonal groups},
   JOURNAL = {J. Algebra},
  FJOURNAL = {Journal of Algebra},
    VOLUME = {300},
      YEAR = {2006},
    NUMBER = {1},
     PAGES = {256--288},
      ISSN = {0021-8693},
     CODEN = {JALGA4},
   MRCLASS = {20-04 (20G40)},
  MRNUMBER = {MR2228648},
}

@book {MR1745660,
    AUTHOR = {Shparlinski, Igor E.},
     TITLE = {Finite fields: theory and computation},
    SERIES = {Mathematics and its Applications},
    VOLUME = {477},
      NOTE = {The meeting point of number theory, computer science, coding
              theory and cryptography},
 PUBLISHER = {Kluwer Academic Publishers},
   ADDRESS = {Dordrecht},
      YEAR = {1999},
     PAGES = {xiv+528},
      ISBN = {0-7923-5662-4},
   MRCLASS = {11Txx (68P25 68Q25 94A60 94Bxx)},
  MRNUMBER = {MR1745660 (2001g:11188)},
MRREVIEWER = {S. D. Cohen},
}

@incollection {MR1829474,
    AUTHOR = {Conder, Marston and Leedham-Green, Charles R.},
     TITLE = {Fast recognition of classical groups over large fields},
 BOOKTITLE = {Groups and computation, III (Columbus, OH, 1999)},
    SERIES = {Ohio State Univ. Math. Res. Inst. Publ.},
    VOLUME = {8},
     PAGES = {113--121},
 PUBLISHER = {de Gruyter},
   ADDRESS = {Berlin},
      YEAR = {2001},
   MRCLASS = {20-04 (15A33 20G40)},
  MRNUMBER = {MR1829474 (2002g:20001)},
MRREVIEWER = {Colin M. Campbell},
}

@book {MR568909,
    AUTHOR = {Hardy, G. H. and Wright, E. M.},
     TITLE = {An introduction to the theory of numbers},
   EDITION = {Fifth},
 PUBLISHER = {The Clarendon Press Oxford University Press},
   ADDRESS = {New York},
      YEAR = {1979},
     PAGES = {xvi+426},
      ISBN = {0-19-853170-2; 0-19-853171-0},
   MRCLASS = {10-01},
  MRNUMBER = {MR568909 (81i:10002)},
MRREVIEWER = {T. M. Apostol},
}

@article {MR0248973,
    AUTHOR = {Strassen, Volker},
     TITLE = {Gaussian elimination is not optimal},
   JOURNAL = {Numer. Math.},
  FJOURNAL = {Numerische Mathematik},
    VOLUME = {13},
      YEAR = {1969},
     PAGES = {354--356},
      ISSN = {0029-599X},
   MRCLASS = {65.35},
  MRNUMBER = {MR0248973 (40 \#2223)},
MRREVIEWER = {G. Fairweather},
}

@article {MR1056627,
    AUTHOR = {Coppersmith, Don and Winograd, Shmuel},
     TITLE = {Matrix multiplication via arithmetic progressions},
   JOURNAL = {J. Symbolic Comput.},
  FJOURNAL = {Journal of Symbolic Computation},
    VOLUME = {9},
      YEAR = {1990},
    NUMBER = {3},
     PAGES = {251--280},
      ISSN = {0747-7171},
   MRCLASS = {68Q25 (11Y16 15A30)},
  MRNUMBER = {MR1056627 (91i:68058)},
MRREVIEWER = {Werner Hartmann},
}

@inproceedings{1097473,
 author = {Henry Cohn and Robert Kleinberg and Balazs Szegedy and Christopher Umans},
 title = {Group-theoretic Algorithms for Matrix Multiplication},
 booktitle = {FOCS '05: Proceedings of the 46th Annual IEEE Symposium on Foundations of Computer Science},
 year = {2005},
 isbn = {0-7695-2468-0},
 pages = {379--388},
 doi = {http://dx.doi.org/10.1109/SFCS.2005.39},
 publisher = {IEEE Computer Society},
 address = {Washington, DC, USA},
 }

@article {MR1700483,
    AUTHOR = {Deng, Huiwen and Shi, Wujie},
     TITLE = {The characterization of {R}ee groups {$\sp 2F\sb 4(q)$} by
              their element orders},
   JOURNAL = {J. Algebra},
  FJOURNAL = {Journal of Algebra},
    VOLUME = {217},
      YEAR = {1999},
    NUMBER = {1},
     PAGES = {180--187},
      ISSN = {0021-8693},
     CODEN = {JALGA4},
   MRCLASS = {20D60 (20D05 20D06)},
  MRNUMBER = {MR1700483 (2000i:20038)},
MRREVIEWER = {J{\"u}rgen M{\"u}ller},
}

@book {MR1189139,
    AUTHOR = {Taylor, Donald E.},
     TITLE = {The geometry of the classical groups},
    SERIES = {Sigma Series in Pure Mathematics},
    VOLUME = {9},
 PUBLISHER = {Heldermann Verlag},
   ADDRESS = {Berlin},
      YEAR = {1992},
     PAGES = {xii+229},
      ISBN = {3-88538-009-9},
   MRCLASS = {20E32 (20E34 20E42 20G40 51E24)},
  MRNUMBER = {MR1189139 (94d:20028)},
MRREVIEWER = {Gernot Stroth},
}

@incollection {MR1934518,
    AUTHOR = {Thom{\'e}, Emmanuel},
     TITLE = {Computation of discrete logarithms in {$\Bbb F\sb {2\sp
              {607}}$}},
 BOOKTITLE = {Advances in cryptology---ASIACRYPT 2001 (Gold Coast)},
    SERIES = {Lecture Notes in Comput. Sci.},
    VOLUME = {2248},
     PAGES = {107--124},
 PUBLISHER = {Springer},
   ADDRESS = {Berlin},
      YEAR = {2001},
   MRCLASS = {94A60 (11Y16)},
  MRNUMBER = {MR1934518 (2003h:94051)},
}

@inproceedings{705538,
 author = {Daniel M. Gordon and Kevin S. McCurley},
 title = {Massively Parallel Computation of Discrete Logarithms},
 booktitle = {CRYPTO '92: Proceedings of the 12th Annual International Cryptology Conference on Advances in Cryptology},
 year = {1993},
 isbn = {3-540-57340-2},
 pages = {312--323},
 publisher = {Springer-Verlag},
 address = {London, UK},
 }

@article {MR1486215,
    AUTHOR = {Geck, Meinolf and Hiss, Gerhard and L{\"u}beck, Frank and
              Malle, Gunter and Pfeiffer, G{\"o}tz},
     TITLE = {C{HEVIE}---a system for computing and processing generic
              character tables},
      NOTE = {Computational methods in Lie theory (Essen, 1994)},
   JOURNAL = {Appl. Algebra Engrg. Comm. Comput.},
  FJOURNAL = {Applicable Algebra in Engineering, Communication and
              Computing},
    VOLUME = {7},
      YEAR = {1996},
    NUMBER = {3},
     PAGES = {175--210},
      ISSN = {0938-1279},
     CODEN = {AAECEW},
   MRCLASS = {20C40 (20C33)},
  MRNUMBER = {MR1486215 (99m:20017)},
}

@article {MR1063140,
    AUTHOR = {Malle, Gunter},
     TITLE = {Die unipotenten {C}haraktere von {${}\sp 2F\sb 4(q\sp 2)$}},
   JOURNAL = {Comm. Algebra},
  FJOURNAL = {Communications in Algebra},
    VOLUME = {18},
      YEAR = {1990},
    NUMBER = {7},
     PAGES = {2361--2381},
      ISSN = {0092-7872},
     CODEN = {COALDM},
   MRCLASS = {20C15 (20C20 20G40)},
  MRNUMBER = {MR1063140 (91k:20015)},
MRREVIEWER = {Richard Dipper},
}

@article {MR1146515,
    AUTHOR = {Leedham-Green, Charles R. and Praeger, Cheryl E. and Soicher,
              Leonard H.},
     TITLE = {Computing with group homomorphisms},
      NOTE = {Computational group theory, Part 2},
   JOURNAL = {J. Symbolic Comput.},
  FJOURNAL = {Journal of Symbolic Computation},
    VOLUME = {12},
      YEAR = {1991},
    NUMBER = {4-5},
     PAGES = {527--532},
      ISSN = {0747-7171},
   MRCLASS = {68Q40 (20B40)},
  MRNUMBER = {MR1146515 (92m:68053)},
MRREVIEWER = {M. Greendlinger},
}

@article {NP08,
	author = {Neunh\"offer, Max and Praeger, Cheryl E.},
	title={Computing minimal polynomials of matrices},
	journal = {LMS J. Comput. Math.},
	volume={11},
	pages={252--279},
	year={2008},
	mrnumber={MR2429999 (2009g:15022)},
}

@Unpublished{ bray_sz_presentation,
  author = 	 {Bray, John N.},
  title = 	 {Presentations of the {S}uzuki groups},
  note = 	 {preprint},
  OPTkey = 	 {},
  OPTmonth = 	 {},
  year = 	 {2007},
  OPTannote = 	 {}
}

@Unpublished{sz_blackbox_gens,
  author = 	 {John Bray and Henrik B{\"a}{\"a}rnhielm},
  title = 	 {Standard generators for the {S}uzuki groups},
  note = 	 {preprint},
  OPTkey = 	 {},
  OPTmonth = 	 {},
  year = 	 {2007},
  OPTannote = 	 {}
}


@article{ classical_recognise,
    AUTHOR = {Leedham-Green, C.R. and O'Brien, E.A.},
  title = 	 {Constructive recognition of classical groups in odd characteristic},
  JOURNAL = {J. Algebra},
  FJOURNAL = {Journal of  Algebra},
  year = 	 {2009},
	pages={833--881},
    VOLUME = {322},

}

@incollection {MR2289128,
    AUTHOR = {Neunh{\"o}ffer, Max and Seress, {\'A}kos},
     TITLE = {A data structure for a uniform approach to computations with
              finite groups},
 BOOKTITLE = {ISSAC 2006},
     PAGES = {254--261},
 PUBLISHER = {ACM},
   ADDRESS = {New York},
      YEAR = {2006},
   MRCLASS = {68P05 (20D99 68W30)},
  MRNUMBER = {MR2289128},
}

@article {MR2429998,
    AUTHOR = {Holt, Derek F. and Stather, Mark J.},
     TITLE = {Computing a chief series and the soluble radical of a matrix
              group over a finite field},
   JOURNAL = {LMS J. Comput. Math.},
  FJOURNAL = {LMS Journal of Computation and Mathematics},
    VOLUME = {11},
      YEAR = {2008},
     PAGES = {223--251},
      ISSN = {1461-1570},
   MRCLASS = {20H30 (20-04)},
  MRNUMBER = {MR2429998},
}

@article {MR1925006,
    AUTHOR = {Leedham-Green, C.R. and O'Brien, E.A.},
     TITLE = {Recognising tensor-induced matrix groups},
   JOURNAL = {J. Algebra},
  FJOURNAL = {Journal of Algebra},
    VOLUME = {253},
      YEAR = {2002},
    NUMBER = {1},
     PAGES = {14--30},
      ISSN = {0021-8693},
     CODEN = {JALGA4},
   MRCLASS = {20H30 (20-04)},
  MRNUMBER = {MR1925006 (2003g:20089)},
MRREVIEWER = {J. D. Dixon},
}

@article {MR1407872,
    AUTHOR = {Holt, Derek F. and Leedham-Green, C. R. and O'Brien, E. A. and
              Rees, Sarah},
     TITLE = {Computing matrix group decompositions with respect to a normal
              subgroup},
   JOURNAL = {J. Algebra},
  FJOURNAL = {Journal of Algebra},
    VOLUME = {184},
      YEAR = {1996},
    NUMBER = {3},
     PAGES = {818--838},
      ISSN = {0021-8693},
     CODEN = {JALGA4},
   MRCLASS = {20C40 (20B40)},
  MRNUMBER = {MR1407872 (97m:20021)},
MRREVIEWER = {Wolfgang Lempken},
}

@article {MR2142090,
    AUTHOR = {Niemeyer, Alice C.},
     TITLE = {Constructive recognition of normalizers of small extra-special
              matrix groups},
   JOURNAL = {Internat. J. Algebra Comput.},
  FJOURNAL = {International Journal of Algebra and Computation},
    VOLUME = {15},
      YEAR = {2005},
    NUMBER = {2},
     PAGES = {367--394},
      ISSN = {0218-1967},
   MRCLASS = {20G40},
  MRNUMBER = {MR2142090 (2006k:20100)},
}

@article {MR1446124,
    AUTHOR = {Glasby, S. P. and Howlett, R. B.},
     TITLE = {Writing representations over minimal fields},
   JOURNAL = {Comm. Algebra},
  FJOURNAL = {Communications in Algebra},
    VOLUME = {25},
      YEAR = {1997},
    NUMBER = {6},
     PAGES = {1703--1711},
      ISSN = {0092-7872},
     CODEN = {COALDM},
   MRCLASS = {20C20},
  MRNUMBER = {MR1446124 (98c:20019)},
MRREVIEWER = {V. A. Belonogov},
}

@incollection {MR2258009,
    AUTHOR = {O'Brien, E.A.},
     TITLE = {Towards effective algorithms for linear groups},
 BOOKTITLE = {Finite geometries, groups, and computation},
     PAGES = {163--190},
 PUBLISHER = {Walter de Gruyter, Berlin},
      YEAR = {2006},
   MRCLASS = {20C40 (20C20)},
  MRNUMBER = {MR2258009 (2008c:20022)},
MRREVIEWER = {Scott H. Murray},
}

@article {MR1625479,
    AUTHOR = {Niemeyer, Alice C. and Praeger, Cheryl E.},
     TITLE = {A recognition algorithm for classical groups over finite
              fields},
   JOURNAL = {Proc. London Math. Soc. (3)},
  FJOURNAL = {Proceedings of the London Mathematical Society. Third Series},
    VOLUME = {77},
      YEAR = {1998},
    NUMBER = {1},
     PAGES = {117--169},
      ISSN = {0024-6115},
     CODEN = {PLMTAL},
   MRCLASS = {20-04 (20G40)},
  MRNUMBER = {MR1625479 (99k:20002)},
MRREVIEWER = {Peter M. Neumann},
}

@article {MR1717416,
    AUTHOR = {Niemeyer, Alice C. and Praeger, Cheryl E.},
     TITLE = {A recognition algorithm for non-generic classical groups over
              finite fields},
      NOTE = {Group theory},
   JOURNAL = {J. Austral. Math. Soc. Ser. A},
  FJOURNAL = {Australian Mathematical Society. Journal. Series A. Pure
              Mathematics and Statistics},
    VOLUME = {67},
      YEAR = {1999},
    NUMBER = {2},
     PAGES = {223--253},
      ISSN = {0263-6115},
     CODEN = {JAMADS},
   MRCLASS = {20G40 (20-04)},
  MRNUMBER = {MR1717416 (2000i:20080)},
MRREVIEWER = {Jochen Gruber},
}

@incollection {MR1444141,
    AUTHOR = {Niemeyer, Alice C. and Praeger, Cheryl E.},
     TITLE = {Implementing a recognition algorithm for classical groups},
 BOOKTITLE = {Groups and computation, {II} ({N}ew {B}runswick, {NJ}, 1995)},
    SERIES = {DIMACS Ser. Discrete Math. Theoret. Comput. Sci.},
    VOLUME = {28},
     PAGES = {273--296},
 PUBLISHER = {Amer. Math. Soc.},
   ADDRESS = {Providence, RI},
      YEAR = {1997},
   MRCLASS = {20-04 (20G40)},
  MRNUMBER = {MR1444141 (98g:20002)},
MRREVIEWER = {D. F. Holt},
}

@incollection {MR2257997,
    AUTHOR = {Brooksbank, Peter and Niemeyer, Alice C. and Seress, {\'A}kos},
     TITLE = {A reduction algorithm for matrix groups with an extraspecial
              normal subgroup},
 BOOKTITLE = {Finite geometries, groups, and computation},
     PAGES = {1--16},
 PUBLISHER = {Walter de Gruyter GmbH \& Co. KG, Berlin},
      YEAR = {2006},
   MRCLASS = {20H30},
  MRNUMBER = {MR2257997 (2007k:20111)},
MRREVIEWER = {R. W. Barraclough},
}

@article {MR1743388,
    AUTHOR = {Bratus, Sergey and Pak, Igor},
     TITLE = {Fast constructive recognition of a black box group isomorphic
              to {$S\sb n$} or {$A\sb n$} using {G}oldbach's conjecture},
   JOURNAL = {J. Symbolic Comput.},
  FJOURNAL = {Journal of Symbolic Computation},
    VOLUME = {29},
      YEAR = {2000},
    NUMBER = {1},
     PAGES = {33--57},
      ISSN = {0747-7171},
   MRCLASS = {11Y16 (11P32 68W30)},
  MRNUMBER = {MR1743388 (2001c:11137)},
MRREVIEWER = {Leszek Kaniecki},
}

@book {atlas,
    AUTHOR = {Conway, J. H. and Curtis, R. T. and Norton, S. P. and Parker,
              R. A. and Wilson, R. A.},
     TITLE = {Atlas of finite groups},
 PUBLISHER = {Oxford University Press},
   ADDRESS = {},
      YEAR = {1985},
     PAGES = {xxxiv+252},
      ISBN = {0-19-853199-0},
   MRCLASS = {20D05 (20-02)},
  MRNUMBER = {MR827219 (88g:20025)},
MRREVIEWER = {R. L. Griess},
}


@Misc{atlas_www,
  OPTkey = 	 {},
  author = 	 {R.A. {Wilson {\it et al.}}},
  title = 	 {ATLAS of {F}inite {G}roup {R}epresentations},
  OPThowpublished = {},
  OPTmonth = 	 {},
  OPTyear = 	 {},
  note = 	 {\url{brauer.maths.qmul.ac.uk/Atlas}},
  OPTannote = 	 {}
}

@incollection {MR1235795,
    AUTHOR = {Cooperman, Gene and Finkelstein, Larry},
     TITLE = {Combinatorial tools for computational group theory},
 BOOKTITLE = {Groups and computation ({N}ew {B}runswick, {NJ}, 1991)},
    SERIES = {DIMACS Ser. Discrete Math. Theoret. Comput. Sci.},
    VOLUME = {11},
     PAGES = {53--86},
 PUBLISHER = {Amer. Math. Soc.},
   ADDRESS = {Providence, RI},
      YEAR = {1993},
   MRCLASS = {20B40 (68Q40)},
  MRNUMBER = {MR1235795 (94h:20004)},
MRREVIEWER = {Jean Moulin Ollagnier},
}

@incollection {MR1829470,
    AUTHOR = {Babai, L{\'a}szl{\'o} and Shalev, Aner},
     TITLE = {Recognizing simplicity of black-box groups and the frequency
              of {$p$}-singular elements in affine groups},
 BOOKTITLE = {Groups and computation, {III} ({C}olumbus, {OH}, 1999)},
    SERIES = {Ohio State Univ. Math. Res. Inst. Publ.},
    VOLUME = {8},
     PAGES = {39--62},
 PUBLISHER = {de Gruyter},
   ADDRESS = {Berlin},
      YEAR = {2001},
   MRCLASS = {20D06},
  MRNUMBER = {MR1829470 (2002f:20021)},
MRREVIEWER = {Wolfgang Lempken},
}

@article {MR2393425,
    AUTHOR = {Guralnick, R. M. and Kantor, W. M. and Kassabov, M. and
              Lubotzky, A.},
     TITLE = {Presentations of finite simple groups: a quantitative
              approach},
   JOURNAL = {J. Amer. Math. Soc.},
  FJOURNAL = {Journal of the American Mathematical Society},
    VOLUME = {21},
      YEAR = {2008},
    NUMBER = {3},
     PAGES = {711--774},
      ISSN = {0894-0347},
   MRCLASS = {20D06 (20F05)},
  MRNUMBER = {MR2393425},
}

@Unpublished{ pres2,
  author = 	 {R. M. Guralnick and W. M. Kantor and M. Kassabov and A. Lubotzky},
  title = 	 {Presentations of finite simple groups: A computational approach},
  note = 	 {submitted},
  OPTkey = 	 {},
  OPTmonth = 	 {},
  year = 	 {2008},
  OPTannote = 	 {}
}

@article{alt_sym_short_pres,
  author = 	 {John Bray and M.D.E. Conder and C.R. Leedham-Green and E.A. O'Brien},
  title = 	 {Short presentations for alternating and symmetric groups},
  JOURNAL = {Trans. Amer. Math. Soc.},
  FJOURNAL = {Transactions of the American Mathematical Society},
  OPTkey = 	 {},
  OPTmonth = 	 {},
  year = 	 {2011},
  OPTannote = 	 {}
}

@PhdThesis{ baarnhielm_phd,
  author = 	 {Henrik B{\"a}{\"a}rnhielm},
  title = 	 {Algorithmic problems in twisted groups of {L}ie type},
  school = 	 {Queen Mary, University of London},
  year = 	 {2007},
  OPTkey = 	 {},
  OPTtype = 	 {},
  OPTaddress = 	 {},
  OPTmonth = 	 {},
  OPTnote = 	 {},
  OPTannote = 	 {}
}

@article {MR2356848,
    AUTHOR = {L{\"u}beck, F. and Magaard, K. and O'Brien, E. A.},
     TITLE = {Constructive recognition of {${\rm SL}\sb 3(q)$}},
   JOURNAL = {J. Algebra},
  FJOURNAL = {Journal of Algebra},
    VOLUME = {316},
      YEAR = {2007},
    NUMBER = {2},
     PAGES = {619--633},
      ISSN = {0021-8693},
     CODEN = {JALGA4},
   MRCLASS = {20D06 (20-04)},
  MRNUMBER = {MR2356848 (2008j:20039)},
MRREVIEWER = {Erika Damian},
}

@article {MR2422320,
    AUTHOR = {Brooksbank, Peter A.},
     TITLE = {Fast constructive recognition of black box symplectic groups},
   JOURNAL = {J. Algebra},
  FJOURNAL = {Journal of Algebra},
    VOLUME = {320},
      YEAR = {2008},
    NUMBER = {2},
     PAGES = {885--909},
      ISSN = {0021-8693},
     CODEN = {JALGA4},
   MRCLASS = {20G40},
  MRNUMBER = {MR2422320},
}

@article {MR1804385,
    AUTHOR = {Kantor, William M. and Seress, {\'A}kos},
     TITLE = {Black box classical groups},
   JOURNAL = {Mem. Amer. Math. Soc.},
  FJOURNAL = {Memoirs of the American Mathematical Society},
    VOLUME = {149},
      YEAR = {2001},
    NUMBER = {708},
     PAGES = {viii+168},
      ISSN = {0065-9266},
     CODEN = {MAMCAU},
   MRCLASS = {68Q25 (20G40 68W30)},
  MRNUMBER = {MR1804385 (2001m:68066)},
MRREVIEWER = {Cheryl E. Praeger},
}


@PhdThesis{ costi_phd,
  author = 	 {Elliot Costi},
  title = 	 {Constructive membership testing in classical groups},
  school = 	 {Queen Mary, University of London},
  year = 	 {2009},
  OPTkey = 	 {},
  OPTtype = 	 {},
  OPTaddress = 	 {},
  OPTmonth = 	 {},
  OPTnote = 	 {},
  OPTannote = 	 {}
}

@Article{ small_deg_reps,
  author = 	 {Kay Magaard and E. A. O'Brien and Ákos Seress},
  title = 	 {Recognition of small dimensional representations of general linear groups},
  journal = 	 {J. Austral. Math. Soc.},
  year = 	 {2008},
  OPTkey = 	 {},
  OPTvolume = 	 {},
  OPTnumber = 	 {},
  OPTpages = 	 {},
  OPTmonth = 	 {},
  OPTnote = 	 {},
  OPTannote = 	 {}
}

@Article{ spinornorms,
  author = 	 {Scott H.\ Murray and Colva M.\ Roney-Dougal},
  title = 	 {Constructive homomorphisms for classical groups},
  journal =      {J. Symbolic Comput.},
  year = {2011},
  OPTkey = 	 {},
  OPTmonth = 	 {},
  OPTyear = 	 {},
  OPTannote = 	 {}
}

@book{KleidmanLiebeck90,
        author =        {Peter Kleidman and Martin Liebeck},
        title =         {The Subgroup Structure of the Finite Classical Groups},
        publisher =     {Cambridge University Press},
        year =          1990,
        volume =        129,
        series =        {Lecture Notes of the London Mathematical Society},
        address =       {Cambridge}
}

@article {Brooksbank03,
    AUTHOR = {Brooksbank, Peter A.},
     TITLE = {Fast constructive recognition of black-box unitary groups},
   JOURNAL = {LMS J. Comput. Math.},
  FJOURNAL = {LMS Journal of Computation and Mathematics},
    VOLUME = {6},
      YEAR = {2003},
     PAGES = {162--197 (electronic)},
}

@article {dlo,
    AUTHOR = {Heiko Dietrich and C.R. Leedham-Green and E.A. O'Brien},  
     TITLE = {Constructive recognition for classical groups in even characteristic},
   JOURNAL = {preprint},
    VOLUME = {},
}

@article {pres,
    AUTHOR = {C.R. Leedham-Green and E.A. O'Brien},  
     TITLE = {Short presentation for the classicial groups
on their standard generators},
   JOURNAL = {preprint},
    VOLUME = {},
      YEAR = {2011},
}

@article{Cannon73,
author       = "John J. Cannon",
title        = "Construction of Defining Relators for Finite Groups",
journal      = {Discrete Math},
volume       = 5,
pages        = "105--129",
year         = 1973,
}

@article{CST89,
author       = "Peter J.\ Cameron and Ron Solomon and Alexandre Turull",
title        = "Chains of subgroups in symmetric groups",
journal      = {J. Algebra},
volume       = 127,
pages        = "340--352",
year         = 1989,
}

@article{ST91,
author       = "Ron Solomon and Alexandre Turull",
title        = "Chains of subgroups in groups of {L}ie type. {III}.",
journal      = {J.\ London Math.\ Soc.},
volume       = 44,
pages        = "437--444",
year         = 1991,
}

@article{KR91,
author       = "L.G.\ Kov\'{a}cs and Geoffrey R.\ Robinson",
title        = "Generating finite completely reducible linear groups",
journal      = {Proc. Amer. Math. Soc.},
volume       = 112,
pages        = "357--364",
year         = 1991,
}

@article{stather07,
author       = "Mark Stather",
title        = "Constructive {S}ylow theorems for the classical groups",
volume       = 316,
pages        = "536--559",
journal      = {J. Algebra},
year         = 2007,
}

@article{L02,
author       = "Alexander Lubotzky",
title        = "The expected number of random elements to generate a finite group",
volume       = 257,
pages        = "452--459",
journal      = {J. Algebra},
year         = 2002,
}

@article{lgo02,
        author =        {C.R.\ Leedham-Green and E.A.\ O'Brien},
        title =         {Recognising tensor-induced matrix groups},
        journal =       {J. Algebra},
        pages =         {14--30},
        volume =        253,
        year =          2002
}

@article {Wilson96,
    AUTHOR = {Robert A. Wilson},
     TITLE = {Standard generators for sporadic simple groups},
   JOURNAL = {J. Algebra},
  FJOURNAL = {Journal of Algebra},
    VOLUME = {184},
      YEAR = {1996},
    NUMBER = {2},
     PAGES = {505--515},
}


@inproceedings{OBrien10,
author       = "E.A. O'Brien",
title        = "Algorithms for matrix groups",
volume       =  "",
booktitle    = {Groups -- St Andrews $2009$},
year         = 2011,
address      = {Bath},
series       = {Lecture Notes of the London Mathematical Society},
editor       = {Martyn Quick and Colva Roney-Dougal},
publisher    =  {Cambridge University Press},
pages        = "",
}

@phdthesis{Burns,
        author =        {Damien Burns}, 
        title =         {Constructive recognition for classical groups},
        year =          2011,
        address =       {University of Auckland},
}
@article {KM,
    AUTHOR = { William M. Kantor and Kay Magaard},
     TITLE = {Black box exceptional groups of Lie type},
     JOURNAL = {preprint},
    VOLUME = {},
      YEAR = {2009},
}


@book {IS,
    AUTHOR = {Igor E.\ Shparlinski},
     TITLE = {
 Finite fields: theory and computation.
The meeting point of number theory, computer science,
coding theory and cryptography},
    SERIES = {Mathematics and its Applications}, 
    VOLUME = {477},
 PUBLISHER = {Kluwer Academic Publishers}, 
   ADDRESS = {Dordrecht},
      YEAR = {1999},
}

@manual{GAP,
  author = "The GAP~Group",
  title        = "{GAP -- Groups, Algorithms, and Programming, Version 4.4}",
  year         = 2008,
  address         = "\verb+(http://www.gap-system.org)+",
  keywords     = "groups; *; gap; manual"
}

@article {jellyfish,
    AUTHOR = {Law, Maska and Niemeyer, Alice C. and Praeger, Cheryl E. and
              Seress, {\'A}kos},
     TITLE = {A reduction algorithm for large-base primitive permutation
              groups},
   JOURNAL = {LMS J. Comput. Math.},
  FJOURNAL = {LMS Journal of Computation and Mathematics},
    VOLUME = {9},
      YEAR = {2006},
     PAGES = {159--173 (electronic)},
      ISSN = {1461-1570},
   MRCLASS = {20B15 (20B40)},
  MRNUMBER = {MR2221258 (2007d:20004)},
MRREVIEWER = {Xianhua Li},
} 

@article {CNRD,
    AUTHOR = {Jon F. Carlson and Max Neunh\"offer and Colva M. Roney-Dougal},
     TITLE = {A polynomial-time reduction algorithm for
              groups of semilinear or subfield class},
   JOURNAL = {J. Algebra},
    VOLUME = {322},
      YEAR = {2009},
     PAGES = {613--637},
}

@article{Babaietal97,
author = {L. Babai and A.J. Goodman and W.M. Kantor and E.M. Luks
and P.P. P{\'a}lfy},
title = {Short presentations for finite groups},
journal = {J. Algebra},
volume = {194},
year = {1997}, 
pages = {79--112},
}

@book{joh90,
        author =        {Johnson, D.L.},
        title =         {Presentations of Groups},
        publisher =     {Cambridge University Press},
        year =          {1990},
        volume =        15,
        series =        {London Math.\ Soc.\ Stud.\ Texts},
        address =       {Cambridge}
}

@article{LMM01,
author = {A. Lucchini and F. Menegazzo and M. Morigi},
title = {On the number of generators and composition length of finite linear groups},
journal = {J. Algebra},
volume = {243},
year = {2001}, 
pages = {427--447},
}

@article{LMM00,
author = {A. Lucchini and F. Menegazzo and M. Morigi},
title = {Asymptotic results for primitive permutation groups and irreducible linear groups},
journal = {J. Algebra},
volume = {223},
year = {2000}, 
pages = {154--170},
}

@ARTICLE{Recog, AUTHOR = {Detinko, A. S. and Flannery, D. L.
and O'Brien, E. A.}, TITLE = {
Recognition of finite matrix groups over infinite fields
}, JOURNAL = {preprint}, PAGES = {}, }

@ARTICLE{Tits, AUTHOR = {Detinko, A. S. and Flannery, D. L.
and O'Brien, E. A.}, TITLE = {
Algorithms for the Tits alternative and related problems
}, JOURNAL = {preprint}, PAGES = {}, }

